@article{Born1927,
author = {Born, M and Oppenheimer, R},
journal = {Annalen der Physik},
title = {Zur Quantentheorie der Molekeln},
volume = {84},
year = {1927}
}